<record><leader>00000cas a22000007a 4500</leader><controlfield tag="001">12378069</controlfield><controlfield tag="008">850813d19771978iauwr ne      0    0eng d</controlfield><datafield ind1=" " ind2=" " tag="010"><subfield code="a">sn 85049735 </subfield></datafield><datafield ind1=" " ind2=" " tag="040"><subfield code="a">INP</subfield><subfield code="b">eng</subfield><subfield code="c">INP</subfield><subfield code="d">OCLCQ</subfield></datafield><datafield ind1=" " ind2=" " tag="042"><subfield code="a">msc</subfield></datafield><datafield ind1="0" ind2="4" tag="245"><subfield code="a">The Gazette weekly.</subfield></datafield><datafield ind1=" " ind2=" " tag="260"><subfield code="a">Cedar Rapids, Iowa :</subfield><subfield code="b">[J.F. Hladky, Jr.],</subfield><subfield code="c">1977-</subfield></datafield><datafield ind1=" " ind2=" " tag="300"><subfield code="a">v. :</subfield><subfield code="b">ill.</subfield></datafield><datafield ind1=" " ind2=" " tag="310"><subfield code="a">Weekly</subfield></datafield><datafield ind1="0" ind2=" " tag="362"><subfield code="a">Vol. 1, no. 1 (Nov. 16, 1977)-</subfield></datafield><datafield ind1="1" ind2=" " tag="362"><subfield code="a">Ceased in Aug. 1978.</subfield></datafield><datafield ind1=" " ind2=" " tag="500"><subfield code="a">"Eastern Iowa's weekly newspaper."</subfield></datafield><datafield ind1=" " ind2=" " tag="752"><subfield code="a">United States</subfield><subfield code="b">Iowa</subfield><subfield code="c">Linn</subfield><subfield code="d">Cedar Rapids.</subfield></datafield><datafield ind1="0" ind2=" " tag="775"><subfield code="t">Cedar Rapids gazette</subfield><subfield code="w">(DLC)sn 82015302</subfield><subfield code="g">Nov. 16, 1977-Aug. 1978</subfield></datafield><datafield ind1="0" ind2="0" tag="785"><subfield code="t">Gazette weekly news magazine</subfield><subfield code="w">(DLC)sn 85049736</subfield></datafield></record>